@article{Ghio85, title={Chemical mass transfer in magmatic processes. i. thermodynamic relations and numerical algorithms}, url={http://adsabs.harvard.edu/abs/1985CoMP...90..107G}, abstractNote={SAO/NASA ADS Astronomy Abstract Service. Title: Chemical mass transfer in magmatic processes. I. Thermodynamic relations and numerical algorithms. Authors: , MS. Publication: Contrib. Mineral. Petrol., vol. 90, p. 107-190 (1985).}, journal={Contributions to Mineralogy and Petrology}, author={Ghiorso, Mark S.}, year={1985}}

@book{GhKe87, title={Evaluating reaction stoichiometry in magmatic systems evolving under generalized thermodynamic constraints: Examples comparing isothermal and â€¦}, url={http://scholar.google.com/scholar?q=related:Tu5Vh2il7lYJ:scholar.google.com/&amp;hl=en&amp;num=20&amp;as_sdt=0,5&amp;as_ylo=1987&amp;as_yhi=1987}, publisher={Magmatic Processes: Physicochemical Principles}, author={Ghiorso, M. S. and Kelemen, P. B.}, year={1987}}